%% This BibTeX bibliography file was created using BibDesk.
%% http://bibdesk.sourceforge.net/

%% Created for 乃高 金 at 2017-10-28 01:52:32 +0800 


%% Saved with string encoding Unicode (UTF-8) 



@inproceedings{Canclini2013,
	Author = {A. Canclini and F. Antonacci and A. Sarti and S. Tubaro},
	Booktitle = {EEE Transactions on Audio, Speech, and Language Processing},
	Date-Added = {2017-10-27 17:49:30 +0000},
	Date-Modified = {2017-10-27 17:52:31 +0000},
	Number = {2},
	Pages = {439-443},
	Title = {Acoustic source localization with distributed asynchronous microphone networks},
	Volume = {21},
	Year = {2013}}

@inproceedings{Meesookho2008,
	Author = {C. Meesookho and U. Mitra and S. Narayanan},
	Booktitle = {IEEE Transactions on Signal Processing},
	Date-Added = {2017-10-27 14:46:59 +0000},
	Date-Modified = {2017-10-27 14:52:38 +0000},
	Number = {1},
	Pages = {365-337},
	Title = {On energy-based acoustic source localization for sensor networks},
	Volume = {56},
	Year = {2008}}

@inproceedings{Pu2017Audio,
	Author = {Pu, Jie and Panagakis, Yannis and Petridis, Stavros and Pantic, Maja},
	Booktitle = {IEEE International Conference on Acoustics, Speech and Signal Processing (ICASSP)},
	Date-Modified = {2017-10-27 15:05:06 +0000},
	Pages = {2901-2905},
	Title = {Audio-visual object localization and separation using low-rank and sparsity},
	Year = {2017}}

@inproceedings{Liu2017Multiple,
	Author = {Liu, Hong and Yang, Bing and Pang, Cheng},
	Booktitle = {IEEE International Conference on Acoustics, Speech and Signal Processing (ICASSP)},
	Date-Modified = {2017-10-27 14:57:58 +0000},
	Title = {Multiple sound source localization based on TDOA clustering and multi-path matching pursuit},
	Year = {2017}}

@inproceedings{Yan2012,
	Author = {Feng, Chen and Au, Wain Sy Anthea and Valaee, Shahrokh and Tan, Zhenhui},
	Booktitle = {IEEE Transactions on Information Theory},
	Pages = {2082-2102},
	Title = {Robust 1-bit compressive sensing using adaptive outlier pursuit},
	Year = {2012}}

@inproceedings{Laska2013Robust,
	Author = {Laska, Jason N. and Laska, Jason N. and Boufounos, Petros T. and Baraniuk, Richard G.},
	Booktitle = {IEEE Transactions on Signal Processing},
	Pages = {3868-3875},
	Title = {Robust 1-Bit Compressive Sensing via Binary Stable Embeddings of Sparse Vectors},
	Year = {2013}}

@inproceedings{feng2012received,
	Author = {Feng, Chen and Au, Wain Sy Anthea and Valaee, Shahrokh and Tan, Zhenhui},
	Booktitle = {IEEE Transactions on Mobile Computing},
	Date-Modified = {2017-10-27 15:16:58 +0000},
	Pages = {1983--1993},
	Title = {Received-signal-strength-based indoor positioning using compressive sensing},
	Year = {2012}}

@inproceedings{J2011Acoustic,
	Author = {J&#225;nos Sallai},
	Booktitle = {ACM International Conference on Embedded Networked Sensor Systems (SenSys)},
	Date-Modified = {2017-10-27 15:13:01 +0000},
	Pages = {96-107},
	Title = {Acoustic shooter localization with a minimal number of single-channel wireless sensor nodes},
	Year = {2011}}

@inproceedings{Zhao2010A,
	Author = {Zhao, Shengkui and Chng, Eng Siong and Nguyen, Trung and Hieu, Haizhou and Li},
	Booktitle = {Asia-Pacific Signal and Information Processing Association},
	Title = {A Robust Real-Time Sound Source Localization System for Olivia Robot},
	Year = {2010}}

@inproceedings{Liusnooping,
	Author = {Jian Liu and Yan Wang and Gorkem Kar and Yingying Chen and Jie Yang and Marco Gruteser},
	Booktitle = {ACM International Conference on Mobile Computing and Networking (MobiCom)},
	Date-Added = {2017-10-25 06:51:38 +0000},
	Date-Modified = {2017-10-27 15:11:39 +0000},
	Pages = {142-154},
	Title = {Snooping keystrokes with mm-level audio ranging on a single phone},
	Year = {2015}}

@inproceedings{boufounos20081,
	Author = {Boufounos, Petros T and Baraniuk, Richard G},
	Booktitle = {IEEE Annual Conference on Information Sciences and Systems (CISS)},
	Date-Modified = {2017-10-25 05:57:20 +0000},
	Pages = {16--21},
	Title = {1-bit compressive sensing},
	Year = {2008}}

@article{jacques2013robust,
	Author = {Jacques, Laurent and Laska, Jason N and Boufounos, Petros T and Baraniuk, Richard G},
	Date-Modified = {2017-10-27 15:13:20 +0000},
	Journal = {IEEE Transactions on Information Theory (TIT)},
	Number = {4},
	Pages = {2082--2102},
	Title = {Robust 1-bit compressive sensing via binary stable embeddings of sparse vectors},
	Volume = {59},
	Year = {2013}}

@inproceedings{zhu2014context,
	Author = {Zhu, Tong and Ma, Qiang and Zhang, Shanfeng and Liu, Yunhao},
	Booktitle = {ACM SIGSAC Conference on Computer and Communications Security (CSS)},
	Pages = {453--464},
	Title = {Context-free attacks using keyboard acoustic emanations},
	Year = {2014}}

@inproceedings{movahed2012robust,
	Author = {Movahed, Amin and Panahi, Ashkan and Durisi, Giuseppe},
	Booktitle = {IEEE Information Theory Workshop (ITW)},
	Pages = {567--571},
	Title = {A robust RFPI-based 1-bit compressive sensing reconstruction algorithm},
	Year = {2012}}

@inproceedings{feng2010compressive,
	Author = {Feng, Chen and Au, Wain Sy Anthea and Valaee, Shahrokh and Tan, Zhenhui},
	Booktitle = {IEEE International Conference on Computer Communications (INFOCOM)},
	Date-Modified = {2017-10-27 15:03:57 +0000},
	Pages = {1--9},
	Title = {Compressive sensing based positioning using RSS of WLAN access points},
	Year = {2010}}

@inproceedings{zhang2011sparse,
	Author = {Zhang, Bowu and Cheng, Xiuzhen and Zhang, Nan and Cui, Yong and Li, Yingshu and Liang, Qilian},
	Booktitle = {IEEE International Conference on Computer Communications (INFOCOM)},
	Date-Modified = {2017-10-27 15:06:49 +0000},
	Pages = {2255--2263},
	Title = {Sparse target counting and localization in sensor networks based on compressive sensing},
	Year = {2011}}

@article{Canclini2015,
	Author = {A. Canclini and P. Bestagini and F. Antonacci and M. Compagnoni and A. Sarti and S. Tubaro},
	Journal = {IEEE/ACM Transactions on Audio, Speech, and Language Processing (TASLP)},
	Number = {10},
	Pages = {1563--1575},
	Title = {A Robust and Low-Complexity Source Localization Algorithm for Asynchronous Distributed Microphone Networks},
	Volume = {23},
	Year = {2015}}

@inproceedings{Doherty2001convex,
	Author = {L. Doherty and K. S. J. Pister and L. E. Ghaoui,},
	Booktitle = {IEEE International Conference on Computer Communications (INFOCOM)},
	Date-Modified = {2017-10-27 15:03:08 +0000},
	Pages = {1655--1663},
	Title = {Convex position estimation in wireless sensor networks},
	Year = {2001}}

@inproceedings{Boyd2004,
	Author = {S. Boyd, and L. Vandenberghe},
	Booktitle = {Cambridge University Press},
	Title = {Convex Optimization},
	Year = {2004}}

@inproceedings{Griva2009,
	Author = {I. Griva and S. Nash, and A. Sofer},
	Booktitle = {SIAM Press},
	Title = {Linear and Nonlinear Optimization},
	Year = {2009}}

@inproceedings{yedavalli2005ecolocation,
	Author = {Yedavalli, Kiran and Krishnamachari, Bhaskar and Ravula, Sharmila and Srinivasan, Bhaskar},
	Booktitle = {IEEE/ACM IPSN'05},
	Pages = {38},
	Title = {Ecolocation: a sequence based technique for RF localization in wireless sensor networks},
	Year = {2005}}

@article{yedavalli2008sequence,
	Author = {Yedavalli, Kiran and Krishnamachari, Bhaskar},
	Journal = {IEEE Transactions on Mobile Computing (TMC)},
	Number = {1},
	Pages = {81--94},
	Title = {Sequence-based localization in wireless sensor networks},
	Volume = {7},
	Year = {2008}}

@inproceedings{he2003range,
	Author = {He, Tian and Huang, Chengdu and Blum, Brian M and Stankovic, John A and Abdelzaher, Tarek},
	Booktitle = {ACM International Conference on Mobile Computing and Networking (MobiCom)},
	Date-Modified = {2017-10-27 15:09:48 +0000},
	Pages = {81--95},
	Title = {Range-free localization schemes for large scale sensor networks},
	Year = {2003}}

@inproceedings{zhong2009tracking,
	Author = {Zhong, Ziguo and Zhu, Ting and Wang, Dan and He, Tian},
	Booktitle = {IEEE International Conference on Computer Communications (INFOCOM)},
	Date-Modified = {2017-10-27 15:05:51 +0000},
	Pages = {1215--1223},
	Title = {Tracking with unreliable node sequences},
	Year = {2009}}

@inproceedings{zhong2009achieving,
	Author = {Zhong, Ziguo and He, Tian},
	Booktitle = {ACM SenSys'09},
	Pages = {281--294},
	Title = {Achieving range-free localization beyond connectivity},
	Year = {2009}}

@article{zhong2011rsd,
	Author = {Zhong, Ziguo and He, Tian},
	Journal = {IEEE Transactions on Parallel and Distributed Systems (TPDS)},
	Number = {11},
	Pages = {1943--1951},
	Title = {RSD: a metric for achieving range-free localization beyond connectivity},
	Volume = {22},
	Year = {2011}}

@article{chakrabarty2002grid,
	Author = {Chakrabarty, Krishnendu and Iyengar, S Sitharama and Qi, Hairong and Cho, Eungchun},
	Journal = {IEEE Transactions on Computers (TOC)},
	Number = {12},
	Pages = {1448--1453},
	Title = {Grid coverage for surveillance and target location in distributed sensor networks},
	Volume = {51},
	Year = {2002}}

@article{ray2004robust,
	Author = {Ray, Saikat and Starobinski, David and Trachtenberg, Ari and Ungrangsi, Rachanee},
	Journal = {IEEE Journal on Selected Areas in Communications (JSAC)},
	Number = {6},
	Pages = {1016--1025},
	Title = {Robust location detection with sensor networks},
	Volume = {22},
	Year = {2004}}

@inproceedings{allen2008voxnet,
	Author = {Allen, Michael and Girod, Lewis and Newton, Ryan and Madden, Samuel and Blumstein, Daniel T and Estrin, Deborah},
	Booktitle = {IEEE/ACM IPSN'08},
	Pages = {371--382},
	Title = {Voxnet: An interactive, rapidly-deployable acoustic monitoring platform},
	Year = {2008}}

@inproceedings{sheng2004sequential,
	Author = {Sheng, Xiaohong and Hu, Yu Hen},
	Booktitle = {IEEE International Conference on Acoustics, Speech, and Signal Processing (ICASSP'04)},
	Pages = {iii--972},
	Title = {Sequential acoustic energy based source localization using particle filter in a distributed sensor network},
	Volume = {3},
	Year = {2004}}

@inproceedings{omologo1994acoustic,
	Author = {Omologo, Maurizio and Svaizer, Piergiorgio},
	Booktitle = {IEEE International Conference on Acoustics, Speech, and Signal Processing (ICASSP'1994)},
	Pages = {II--273},
	Title = {Acoustic event localization using a crosspower-spectrum phase based technique},
	Volume = {2},
	Year = {1994}}

@article{canclini2013acoustic,
	Author = {Canclini, Antonio and Antonacci, E and Sarti, Augusto and Tubaro, Stefano},
	Journal = {IEEE Transactions on Audio, Speech, and Language Processing (TASLP)},
	Number = {2},
	Pages = {439--443},
	Title = {Acoustic source localization with distributed asynchronous microphone networks},
	Volume = {21},
	Year = {2013}}

@inproceedings{guo2011localising,
	Author = {Guo, Yukang and Hazas, Mike},
	Booktitle = {IEEE/ACM IPSN'11},
	Pages = {330--341},
	Title = {Localising speech, footsteps and other sounds using resource-constrained devices},
	Year = {2011}}

@inproceedings{sallai2011acoustic,
	Author = {Sallai, J{\'a}nos and L{\'e}deczi, Akos and V{\"o}lgyesi, P{\'e}ter},
	Booktitle = {ACM Conference on Embedded Networked Sensor Systems (SenSys)},
	Date-Modified = {2017-10-27 15:19:55 +0000},
	Pages = {96--107},
	Title = {Acoustic shooter localization with a minimal number of single-channel wireless sensor nodes},
	Year = {2011}}

@inproceedings{aarabi1900fusion,
	Author = {Aarabi, Parham},
	Booktitle = {EURASIP Journal on Advances in Signal Processing},
	Pages = {338--347},
	Title = {The fusion of distributed microphone arrays for sound localization},
	Year = {2003}}

@inproceedings{wu2012fusion,
	Author = {Wu, Tao and Sun, Longji and Cheng, Qi and Varshney, Pramod K},
	Booktitle = {IEEE Sensor Array and Multichannel Signal Processing Workshop (SAM'12)},
	Pages = {173--176},
	Title = {Fusion of multiple microphone arrays for blind source separation and localization},
	Year = {2012}}

@inproceedings{pertila2011closed,
	Author = {Pertila, P and Mieskolainen, Mikael and Hamalainen, MS},
	Booktitle = {IEEE Joint Workshop on Hands-free Speech Communication and Microphone Arrays (HSCMA'11)},
	Pages = {139--144},
	Title = {Closed-form self-localization of asynchronous microphone arrays},
	Year = {2011}}

@article{ward2003particle,
	Author = {Ward, Darren B and Lehmann, Eric A and Williamson, Robert C},
	Journal = {IEEE Transactions on Speech and Audio Processing},
	Number = {6},
	Pages = {826--836},
	Title = {Particle filtering algorithms for tracking an acoustic source in a reverberant environment},
	Volume = {11},
	Year = {2003}}

@article{cobos2011modified,
	Author = {Cobos, Maximo and Marti, Amparo and Lopez, Jose J},
	Journal = {IEEE Signal Processing Letters},
	Number = {1},
	Pages = {71--74},
	Title = {A modified SRP-PHAT functional for robust real-time sound source localization with scalable spatial sampling},
	Volume = {18},
	Year = {2011}}

@inproceedings{rabinkin1996dsp,
	Author = {Rabinkin, Daniel V and Renomeron, Richard J and Dahl, AJ and French, Joseph C and Flanagan, James L and Bianchi, Mike},
	Booktitle = {SPIE International Symposium on Optical Science, Engineering, and Instrumentation},
	Pages = {88--99},
	Title = {DSP implementation of source location using microphone arrays},
	Year = {1996}}

@inproceedings{do2007real,
	Author = {Do, Hoang and Silverman, Harvey F and Yu, Ying},
	Booktitle = {IEEE International Conference on Acoustics, Speech, and Signal Processing (ICASSP'07)},
	Pages = {I--121},
	Title = {A real-time SRP-PHAT source location implementation using stochastic region contraction (SRC) on a large-aperture microphone array},
	Volume = {1},
	Year = {2007}}

@inproceedings{wang2003acoustic,
	Author = {Wang, Qixin and Chen, Wei-Peng and Zheng, Rong and Lee, Kihwal and Sha, Lui},
	Booktitle = {IEEE/ACM IPSN'03},
	Pages = {642--657},
	Title = {Acoustic target tracking using tiny wireless sensor devices},
	Year = {2003}}

@article{chen2004dynamic,
	Author = {Chen, Wei-Peng and Hou, Jennifer C and Sha, Lui},
	Journal = {IEEE Transactions on Mobile Computing (TMC)},
	Number = {3},
	Pages = {258--271},
	Title = {Dynamic clustering for acoustic target tracking in wireless sensor networks},
	Volume = {3},
	Year = {2004}}

@article{hu2009design,
	Author = {Hu, Wen and Bulusu, Nirupama and Chou, Chun Tung and Jha, Sanjay and Taylor, Andrew and Tran, Van Nghia},
	Journal = {ACM Transactions on Sensor Networks (TOSN)},
	Number = {1},
	Pages = {4},
	Title = {Design and evaluation of a hybrid sensor network for cane toad monitoring},
	Volume = {5},
	Year = {2009}}

@inproceedings{rabbat2005robust,
	Author = {Rabbat, Michael and Nowak, Robert and Bucklew, James A},
	Booktitle = {IEEE International Conference on Acoustics, Speech, and Signal Processing (ICASSP'05)},
	Pages = {1057--1060},
	Title = {Robust decentralized source localization via averaging.},
	Year = {2005}}

@article{kim2009locating,
	Author = {Kim, Yungeun and Ahn, Junho and Cha, Hojung},
	Journal = {Sensors},
	Number = {12},
	Pages = {9925--9944},
	Publisher = {Molecular Diversity Preservation International},
	Title = {Locating acoustic events based on large-scale sensor networks},
	Volume = {9},
	Year = {2009}}

@article{wang2008lightning,
	Author = {Wang, Qixin and Zheng, Rong and Tirumala, Ajay and Liu, Xue and Sha, Lui},
	Journal = {IEEE Transactions on Mobile Computing (TMC)},
	Number = {5},
	Pages = {570--584},
	Title = {Lightning: a hard real-time, fast, and lightweight low-end wireless sensor election protocol for acoustic event localization},
	Volume = {7},
	Year = {2008}}

@techreport{simic2002distributed,
	Author = {Simic, Slobodan N and Sastry, Shankar},
	Institution = {Technical Report UCB/ERL},
	Title = {Distributed localization in wireless ad hoc networks},
	Year = {2002}}

@inproceedings{patwari2003using,
	Author = {Patwari, Neal and Hero III, Alfred O},
	Booktitle = {ACM International Conference on Wireless Sensor Networks and Applications (WSNA'03)},
	Pages = {20--29},
	Title = {Using proximity and quantized RSS for sensor localization in wireless networks},
	Year = {2003}}

@article{shrivastava2009target,
	Author = {Shrivastava, Nisheeth and Mudumbai, Raghuraman and Madhow, Upamanyu and Suri, Subhash},
	Journal = {ACM Transactions on Sensor Networks (TOSN)},
	Number = {4},
	Pages = {30},
	Title = {Target tracking with binary proximity sensors},
	Volume = {5},
	Year = {2009}}

@inproceedings{singh2007tracking,
	Author = {Singh, Jaspreet and Madhow, Upamanyu and Kumar, Rajesh and Suri, Subhash and Cagley, Richard},
	Booktitle = {IEEE/ACM IPSN'07},
	Pages = {529--538},
	Title = {Tracking multiple targets using binary proximity sensors},
	Year = {2007}}

@inproceedings{fu2012orthogonal,
	Author = {Fu, Desheng and Becker, Matthias and Schaust, Sven and Szczerbicka, Helena},
	Booktitle = {IEEE MASS'12},
	Pages = {1--6},
	Title = {Orthogonal cut algorithm for value-based event localization in sensor networks}}

@inproceedings{bahroun2012new,
	Author = {Bahroun, Rim and Michel, Olivier and Frassati, Fran{\c{c}}ois and Carmona, Mikael and Lacoume, J},
	Booktitle = {IEEE International Conference on Signal Processing (ICSP'12)},
	Pages = {2057--2062},
	Title = {New SO-TDOA algorithm using elastic waves propagation for footstep localization},
	Volume = {3},
	Year = {2012}}

@inproceedings{cui2006dual,
	Author = {Cui, Weiwei and Cao, Zhigang and Wei, Jianqiang},
	Booktitle = {IEEE International Conference on Acoustics, Speech and Signal Processing (ICASSP)},
	Date-Modified = {2017-10-27 14:57:01 +0000},
	Pages = {IV--IV},
	Title = {Dual-microphone source location method in 2-D space},
	Volume = {4},
	Year = {2006}}
